<?xml version="1.0" encoding="UTF-8"?>
<collection xmlns:xsi="http://www.w3.org/2001/XMLSchema-instance" xsi:schemaLocation="http://www.loc.gov/MARC21/slim http://www.loc.gov/standards/marcxml/schema/MARC21slim.xsd" xmlns="http://www.loc.gov/MARC21/slim">
<record>
  <leader>01079cam a2200277 a 4500</leader>
  <controlfield tag="001">3071523</controlfield>
  <controlfield tag="003">NNC</controlfield>
  <controlfield tag="005">20130426015412.0</controlfield>
  <controlfield tag="008">870929m19501953ua            000 0 araod</controlfield>
  <datafield tag="035" ind1=" " ind2=" ">
    <subfield code="a">(OCoLC)ocm16771047</subfield>
  </datafield>
  <datafield tag="035" ind1=" " ind2=" ">
    <subfield code="9">ATP4498CU</subfield>
  </datafield>
  <datafield tag="035" ind1=" " ind2=" ">
    <subfield code="a">(NNC)3071523</subfield>
  </datafield>
  <datafield tag="040" ind1=" " ind2=" ">
    <subfield code="a">ORZ</subfield>
    <subfield code="c">ORZ</subfield>
    <subfield code="d">GZM</subfield>
    <subfield code="d">ZCU</subfield>
  </datafield>
  <datafield tag="041" ind1="0" ind2=" ">
    <subfield code="a">aralat</subfield>
  </datafield>
  <datafield tag="099" ind1=" " ind2=" ">
    <subfield code="a">893.7K57</subfield>
    <subfield code="a">I</subfield>
  </datafield>
  <datafield tag="100" ind1="0" ind2=" ">
    <subfield code="a">Kindī,</subfield>
    <subfield code="d">-approximately 873.</subfield>
  </datafield>
  <datafield tag="245" ind1="1" ind2="0">
    <subfield code="a">Rasāʻil al-Kindī al-falsafīyah /</subfield>
    <subfield code="c">Haqqaqahā wa-akhrajahā ma'a muqaddimah tahlīlīyah li-kul minhā wa-taṣdīr wāfin 'an al-Kindī wa-falsafa-tihi Muḥammad 'Abd al-Hādī Abū Rīdah.</subfield>
  </datafield>
  <datafield tag="260" ind1=" " ind2=" ">
    <subfield code="a">Miṣr :</subfield>
    <subfield code="b">Dār al-Fikr al-'Arabī,</subfield>
    <subfield code="c">1950-53.</subfield>
  </datafield>
  <datafield tag="300" ind1=" " ind2=" ">
    <subfield code="a">2 v. ; c 25 cm.</subfield>
  </datafield>
  <datafield tag="500" ind1=" " ind2=" ">
    <subfield code="a">Latin translation and Arabic text of Kitāb al-jawāhir al-khamsah (Liber de quinque essentiis) on opposite pages: v. 2, p. 8-20.</subfield>
  </datafield>
  <datafield tag="500" ind1=" " ind2=" ">
    <subfield code="a">In Arabic.</subfield>
  </datafield>
  <datafield tag="650" ind1=" " ind2="0">
    <subfield code="a">Philosophy, Arab.</subfield>
  </datafield>
  <datafield tag="700" ind1="1" ind2=" ">
    <subfield code="a">Abū Rīdah, Muḥammad ʻAbd al-Hādī.</subfield>
  </datafield>
  <datafield tag="740" ind1="0" ind2="1">
    <subfield code="a">Kitāb al-jawāhir al-khamsah.</subfield>
  </datafield>
  <datafield tag="740" ind1="0" ind2="1">
    <subfield code="a">Liber de quinque essentiis.</subfield>
  </datafield>
  <datafield tag="955" ind1=" " ind2=" ">
    <subfield code="b">0022478736</subfield>
    <subfield code="d">glx</subfield>
    <subfield code="e">893.7K57 I</subfield>
    <subfield code="v">v.2</subfield>
  </datafield>
</record>
</collection>